<record xmlns="http://www.loc.gov/MARC21/slim">
   <leader>02706cgm a2200361Ki 4500</leader>
   <controlfield tag="001">6668016</controlfield>
   <controlfield tag="003">OCoLC</controlfield>
   <controlfield tag="005">20140829150630.0</controlfield>
   <controlfield tag="007">vd cvaizu</controlfield>
   <controlfield tag="008">140820s2015    cau--- f          vleng d</controlfield>
   <datafield ind1=" " ind2=" " tag="020">
      <subfield code="a">9781597562614</subfield>
   </datafield>
   <datafield ind1=" " ind2=" " tag="020">
      <subfield code="a">1597562610</subfield>
   </datafield>
   <datafield ind1=" " ind2=" " tag="040">
      <subfield code="a">IAD</subfield>
      <subfield code="b">eng</subfield>
      <subfield code="c">IAD</subfield>
      <subfield code="e">rda</subfield>
   </datafield>
   <datafield ind1="1" ind2="4" tag="050">
      <subfield code="a">RJ496.S7</subfield>
      <subfield code="b">C573 2014</subfield>
   </datafield>
   <datafield ind1=" " ind2=" " tag="090">
      <subfield code="a">RJ496 .S7 C55 2015</subfield>
      <subfield code="b">AEGMCT</subfield>
   </datafield>
   <datafield ind1="0" ind2="0" tag="245">
      <subfield code="a">Clinical case studies of children with articulation and phonological disorders</subfield>
      <subfield code="h">[videorecording] /</subfield>
      <subfield code="c">Renee Laura Fabus, Julia Yudes-Kuznetsov, Terry Hausner Gozdziewski.</subfield>
   </datafield>
   <datafield ind1=" " ind2="1" tag="264">
      <subfield code="a">[San Diego] :</subfield>
      <subfield code="b">Plural Publishing Inc.,</subfield>
      <subfield code="c">[2015]</subfield>
   </datafield>
   <datafield ind1=" " ind2="4" tag="264">
      <subfield code="c">©2015</subfield>
   </datafield>
   <datafield ind1=" " ind2=" " tag="300">
      <subfield code="a">1 videodisc :</subfield>
      <subfield code="b">sound, color ;</subfield>
      <subfield code="c">4 3/4 in.</subfield>
   </datafield>
   <datafield ind1=" " ind2=" " tag="336">
      <subfield code="a">two-dimensional moving image</subfield>
      <subfield code="b">tdi</subfield>
      <subfield code="2">rdacontent</subfield>
   </datafield>
   <datafield ind1=" " ind2=" " tag="336">
      <subfield code="a">text</subfield>
      <subfield code="b">txt</subfield>
      <subfield code="2">rdacontent</subfield>
   </datafield>
   <datafield ind1=" " ind2=" " tag="337">
      <subfield code="a">video</subfield>
      <subfield code="b">v</subfield>
      <subfield code="2">rdamedia</subfield>
   </datafield>
   <datafield ind1=" " ind2=" " tag="338">
      <subfield code="a">videodisc</subfield>
      <subfield code="b">vd</subfield>
      <subfield code="2">rdacarrier</subfield>
   </datafield>
   <datafield ind1="0" ind2=" " tag="505">
      <subfield code="a">Participant Tests and Picture Descriptions [5 mpeg files] -- Tables [pdf]. Table 1: Manner, Place, and Voicing Features of English Consonants ; Table 2: Developmental Norms for Phonemes ; Table 3: Articulation and Phonology Tests for Children ; Table 4: Phonological Processes ; Table 5: Speech Sample-Elicited Picture Description ; Table 6: Some Comments on IPA Symbols and Diacritic Markers ; Table 7: Results and Recommendations ; Table 8: Components of an Articulation and Phonological Assessment ; Table 9: Some Important Aspects to Consider When Designing the Assessment Protocol -- Aspects About Treatment [pdf] -- Some References About Assessment and Intervention of Articulation and Phonological Disorders [pdf].</subfield>
   </datafield>
   <datafield ind1=" " ind2=" " tag="520">
      <subfield code="a">Clinical Case Studies of Children with Articulation and Phonological Disorders features selected case studies of children with articulation/phonological disorders that demonstrate the practical application of phonetic transcription and learning of assessment procedures. This DVD contains video files of the speech of five children that are transcribed using the International Phonetic Alphabet shown simultaneously as the participant is speaking. ... The video files display children being administered the Articulation Inventory and the Phonology Probes (Checklist I and II) from the Clinical Assessment of Articulation and Phonology Test as well as speech samples that were elicited from story pictures.</subfield>
   </datafield>
   <datafield ind1=" " ind2=" " tag="538">
      <subfield code="a">DVD.</subfield>
   </datafield>
   <datafield ind1=" " ind2=" " tag="596">
      <subfield code="a">29</subfield>
   </datafield>
   <datafield ind1=" " ind2="0" tag="650">
      <subfield code="a">Articulation disorders in children</subfield>
      <subfield code="v">Case studies.</subfield>
   </datafield>
   <datafield ind1="1" ind2=" " tag="700">
      <subfield code="a">Fabus, Renee Laura,</subfield>
      <subfield code="d">1968-</subfield>
   </datafield>
   <datafield ind1="1" ind2=" " tag="700">
      <subfield code="a">Yudes-Kuznetsov, Julia.</subfield>
   </datafield>
   <datafield ind1="1" ind2=" " tag="700">
      <subfield code="a">Gozdziewski, Terry Hausner.</subfield>
   </datafield>
   <datafield ind1="2" ind2=" " tag="710">
      <subfield code="a">Plural Publishing.</subfield>
   </datafield>
   <datafield ind1=" " ind2=" " tag="926">
      <subfield code="a">RJ496 .S7 C55 2015</subfield>
      <subfield code="w">LC</subfield>
      <subfield code="c">1</subfield>
      <subfield code="i">1007382797</subfield>
      <subfield code="d">9/29/2014</subfield>
      <subfield code="e">9/18/2014</subfield>
      <subfield code="l">ON_SHELF</subfield>
      <subfield code="m">GR_MACEWAN</subfield>
      <subfield code="n">1</subfield>
      <subfield code="p">$61.05</subfield>
      <subfield code="r">Y</subfield>
      <subfield code="s">Y</subfield>
      <subfield code="t">VIDEO</subfield>
      <subfield code="u">8/14/2014</subfield>
   </datafield>
</record>
